@article{Maslach2001Burnout,
  author  = {Maslach, Christina and Schaufeli, Wilmar B. and Leiter, Michael P.},
  title   = {Job Burnout},
  journal = {Annual Review of Psychology},
  year    = {2001},
  volume  = {52},
  number  = {1},
  pages   = {397--422},
  doi     = {10.1146/annurev.psych.52.1.397},
  url     = {https://doi.org/10.1146/annurev.psych.52.1.397}
}

@article{Laaser2022MeaningfulWork,
  author  = {Laaser, Knut and Karlsson, Jan C.},
  title   = {Towards a Sociology of Meaningful Work},
  journal = {Work, Employment and Society},
  year    = {2022},
  volume  = {36},
  number  = {5},
  pages   = {798--815},
  doi     = {10.1177/09500170211055998},
  url     = {https://doi.org/10.1177/09500170211055998}
}

@article{Bailey2017TimeReclaimed,
  author  = {Bailey, Catherine and Madden, Adrian},
  title   = {Time Reclaimed: Temporality and the Experience of Meaningful Work},
  journal = {Work, Employment and Society},
  year    = {2017},
  volume  = {31},
  number  = {1},
  pages   = {3--18},
  doi     = {10.1177/0950017015604100},
  url     = {https://doi.org/10.1177/0950017015604100}
}

@article{Grant2007RelationalJobDesign,
  author  = {Grant, Adam M.},
  title   = {Relational Job Design and the Motivation to Make a Prosocial Difference},
  journal = {Academy of Management Review},
  year    = {2007},
  volume  = {32},
  number  = {2},
  pages   = {393--417},
  doi     = {10.5465/amr.2007.24351328},
  url     = {https://doi.org/10.5465/amr.2007.24351328}
}

@article{Grant2008TaskSignificance,
  author  = {Grant, Adam M.},
  title   = {The Significance of Task Significance: Job Performance Effects, Relational Mechanisms, and Boundary Conditions},
  journal = {Journal of Applied Psychology},
  year    = {2008},
  volume  = {93},
  number  = {1},
  pages   = {108--124},
  doi     = {10.1037/0021-9010.93.1.108},
  url     = {https://doi.org/10.1037/0021-9010.93.1.108}
}

@article{Wrzesniewski2001JobCrafting,
  author  = {Wrzesniewski, Amy and Dutton, Jane E.},
  title   = {Crafting a Job: Revisioning Employees as Active Crafters of Their Work},
  journal = {Academy of Management Review},
  year    = {2001},
  volume  = {26},
  number  = {2},
  pages   = {179--201},
  doi     = {10.5465/amr.2001.4378011},
  url     = {https://doi.org/10.5465/amr.2001.4378011}
}

@article{Rosso2010MeaningOfWork,
  author  = {Rosso, Brent D. and Dekas, Kathryn H. and Wrzesniewski, Amy},
  title   = {On the Meaning of Work: A Theoretical Integration and Review},
  journal = {Research in Organizational Behavior},
  year    = {2010},
  volume  = {30},
  pages   = {91--127},
  doi     = {10.1016/j.riob.2010.09.001},
  url     = {https://doi.org/10.1016/j.riob.2010.09.001}
}