@article{Abramoff2018Pivotal,
  author  = {Abr{\`a}moff, Michael D. and Lavin, Philip T. and Birch, Michele and Shah, Nilay and Folk, James C.},
  title   = {Pivotal trial of an autonomous {AI}-based diagnostic system for detection of diabetic retinopathy in primary care offices},
  journal = {npj Digital Medicine},
  year    = {2018},
  volume  = {1},
  pages   = {39},
  doi     = {10.1038/s41746-018-0040-6}
}

@article{ADA2025S12,
  author  = {{American Diabetes Association Professional Practice Committee}},
  title   = {12. Retinopathy, Neuropathy, and Foot Care: Standards of Care in Diabetes—2025},
  journal = {Diabetes Care},
  year    = {2025},
  volume  = {48},
  number  = {Suppl 1},
  pages   = {S252--S265},
  doi     = {10.2337/dc25-S012}
}

@article{ETDRS1991Report12,
  author  = {{Early Treatment Diabetic Retinopathy Study Research Group}},
  title   = {Fundus photographic risk factors for progression of diabetic retinopathy. {ETDRS} report number 12},
  journal = {Ophthalmology},
  year    = {1991},
  volume  = {98},
  number  = {5 Suppl},
  pages   = {823--833}
}

@article{Gibson2012AJPM,
  author  = {Gibson, Diane M.},
  title   = {Diabetic retinopathy and age-related macular degeneration in the U.S.},
  journal = {American Journal of Preventive Medicine},
  year    = {2012},
  volume  = {43},
  number  = {1},
  pages   = {48--54},
  doi     = {10.1016/j.amepre.2012.02.028}
}

@article{Lundeen2019MMWR,
  author  = {Lundeen, Elizabeth A. and Wittenborn, John and Benoit, Stephen R. and Saaddine, Jinan},
  title   = {Disparities in receipt of eye exams among {Medicare} Part B fee-for-service beneficiaries with diabetes—United States, 2017},
  journal = {MMWR Morbidity and Mortality Weekly Report},
  year    = {2019},
  volume  = {68},
  number  = {45},
  pages   = {1020--1023},
  doi     = {10.15585/mmwr.mm6845a3}
}

@article{Lundeen2023JAMAOph,
  author  = {Lundeen, Elizabeth A. and Burke-Conte, Zeb and Rein, David B. and Wittenborn, John S. and Saaddine, Jinan and Lee, Aaron Y. and Flaxman, Abraham D.},
  title   = {Prevalence of diabetic retinopathy in the {US} in 2021},
  journal = {JAMA Ophthalmology},
  year    = {2023},
  volume  = {141},
  number  = {8},
  pages   = {747--754},
  doi     = {10.1001/jamaophthalmol.2023.2289}
}

@article{Teo2021Ophthalmology,
  author  = {Teo, Zhen Ling and Tham, Yih Chung and Yu, Michelle and Chee, Miao Li and Rim, Tae Hyung and Cheung, Nitin and Bikbov, Mikhail M. and Wang, Ya Xing and Tang, Yong and Lu, Yi and Wong, Ian Y. and Ting, Daniel Shu Wei and Tan, Gavin S. W. and Jonas, Jost B. and Sabanayagam, Charumathi and Wong, Tien Yin and Cheng, Ching-Yu},
  title   = {Global prevalence of diabetic retinopathy and projection of burden through 2045: Systematic review and meta-analysis},
  journal = {Ophthalmology},
  year    = {2021},
  volume  = {128},
  number  = {11},
  pages   = {1580--1591},
  doi     = {10.1016/j.ophtha.2021.04.027}
}

@techreport{FDA2018DEN180001,
  author       = {{U.S. Food and Drug Administration}},
  title        = {De Novo Classification Request for IDx-DR (DEN180001)},
  institution  = {Center for Devices and Radiological Health, U.S. Food and Drug Administration},
  year         = {2018},
  month        = apr,
  number       = {DEN180001},
  type         = {De Novo},
  url          = {https://www.accessdata.fda.gov/cdrh_docs/reviews/DEN180001.pdf},
  note         = {Decision granted Apr 11, 2018}
}

@article{Chen2024Transparency,
  author  = {Chen, Dinah and Geevarghese, Alexi and Lee, Samuel and Plovnick, Caitlin and Elgin, Cansu and Zhou, Raymond and Oermann, Eric and Aphinyonaphongs, Yindalon and Al-Aswad, Lama A.},
  title   = {Transparency in Artificial Intelligence Reporting in Ophthalmology-A Scoping Review},
  journal = {Ophthalmology Science},
  year    = {2024},
  volume  = {4},
  number  = {4},
  pages   = {100471},
  doi     = {10.1016/j.xops.2024.100471},
  pmid    = {38591048},
  pmcid   = {PMC11000111}
}

@article{Ursin2021InformedConsent,
  author  = {Ursin, Frank and Timmermann, Cristian and Orzechowski, Marcin and Steger, Florian},
  title   = {Diagnosing Diabetic Retinopathy With Artificial Intelligence: What Information Should Be Included to Ensure Ethical Informed Consent?},
  journal = {Frontiers in Medicine},
  year    = {2021},
  volume  = {8},
  pages   = {695217},
  doi     = {10.3389/fmed.2021.695217},
  pmid    = {34368192},
  pmcid   = {PMC8333706}
}

@article{vanDerHeijden2018Acta,
  author  = {van der Heijden, Amber A. and Abramoff, Michael D. and Verbraak, Frank and van Hecke, Manon V. and Liem, Albert and Nijpels, Giel},
  title   = {Validation of automated screening for referable diabetic retinopathy with the {IDx-DR} device in the Hoorn Diabetes Care System},
  journal = {Acta Ophthalmologica},
  year    = {2018},
  volume  = {96},
  number  = {1},
  pages   = {63--68},
  doi     = {10.1111/aos.13613},
  eprint  = {https://pmc.ncbi.nlm.nih.gov/articles/PMC5814834/}
}

@misc{US7474775B2,
  author       = {Abr{\`a}moff, Michael D. and van Ginneken, Bram and Niemeijer, Meindert},
  title        = {Automatic detection of red lesions in digital color fundus photographs},
  howpublished = {U.S. Patent No. 7,474,775 B2},
  year         = {2009},
  month        = jan,
  note         = {Filed 2006-03-29; priority 2005-03-31. Assignee: University of Iowa Research Foundation; UMC Utrecht Holding BV},
  url          = {https://patents.google.com/patent/US7474775B2}
}

@article{Grzybowski2025OphTher,
  author  = {Grzybowski, Andrzej and Brona, Piotr and Krzywicki, Tomasz and Ruamviboonsuk, Paisan},
  title   = {Diagnostic Accuracy of Automated Diabetic Retinopathy Image Assessment Software: {IDx-DR} and RetCAD},
  journal = {Ophthalmology and Therapy},
  year    = {2025},
  volume  = {14},
  pages   = {73--84},
  doi     = {10.1007/s40123-024-01049-z}
}

@article{Khan2025AJO,
  author  = {Khan, Zaid and Gaidhane, Abhay M. and Singh, Mahendra and others},
  title   = {Diagnostic Accuracy of {IDX-DR} for Detecting Diabetic Retinopathy: A Systematic Review and Meta-Analysis},
  journal = {American Journal of Ophthalmology},
  year    = {2025},
  volume  = {273},
  pages   = {192--204},
  doi     = {10.1016/j.ajo.2025.02.022}
}

@article{Wolf2024NatCommun,
  author  = {Wolf, Risa M. and Channa, Roomasa and Liu, T. Y. Alvin and Zehra, Anum and Bromberger, Lee and Patel, Dhruva and Ananthakrishnan, Ajaykarthik and Brown, Elizabeth A. and Prichett, Laura and Lehmann, Harold P. and Abr{\`a}moff, Michael D.},
  title   = {Autonomous artificial intelligence increases screening and follow-up for diabetic retinopathy in youth: the ACCESS randomized control trial},
  journal = {Nature Communications},
  year    = {2024},
  volume  = {15},
  number  = {1},
  pages   = {421},
  doi     = {10.1038/s41467-023-44676-z},
  pmid    = {38212308},
  pmcid   = {PMC10784572}
}

@incollection{Shukla2023StatPearlsDR,
  author    = {Shukla, Unnati V. and Tripathy, Koushik},
  title     = {Diabetic Retinopathy},
  booktitle = {StatPearls},
  publisher = {StatPearls Publishing},
  address   = {Treasure Island (FL)},
  year      = {2023},
  note      = {Updated 2023-08-25},
  url       = {https://www.ncbi.nlm.nih.gov/books/NBK560805/}
}

@article{Yu1998ArchOph,
  author  = {Yu, Tony and Mitchell, Paul and Berry, Geoffrey and Li, Weining and Wang, Jie Jin},
  title   = {Retinopathy in Older Persons Without Diabetes and Its Relationship to Hypertension},
  journal = {Archives of Ophthalmology},
  year    = {1998},
  volume  = {116},
  number  = {1},
  pages   = {83--89},
  doi     = {10.1001/archopht.116.1.83}
}